<record><leader>00000cas a22000007a 4500</leader><controlfield tag="001">24238877</controlfield><controlfield tag="008">910815c19919999couwr ne      0   a0eng d</controlfield><controlfield tag="009">9774</controlfield><datafield ind1=" " ind2=" " tag="010"><subfield code="a">sn 91052625 </subfield></datafield><datafield ind1=" " ind2=" " tag="040"><subfield code="a">CNQ</subfield><subfield code="b">eng</subfield><subfield code="c">CNQ</subfield><subfield code="d">NSD</subfield><subfield code="d">DLC</subfield><subfield code="d">OCLCQ</subfield></datafield><datafield ind1=" " ind2=" " tag="012"><subfield code="m">1</subfield></datafield><datafield ind1="1" ind2=" " tag="022"><subfield code="a">1058-9899</subfield><subfield code="l">1058-9899</subfield><subfield code="2">1</subfield></datafield><datafield ind1="1" ind2=" " tag="029"><subfield code="a">AU@</subfield><subfield code="b">000025866847</subfield></datafield><datafield ind1=" " ind2=" " tag="032"><subfield code="a">176680</subfield><subfield code="b">USPS</subfield></datafield><datafield ind1=" " ind2=" " tag="037"><subfield code="b">The Englewood Herald, 2329 W. Main St., PO Box 649, Littleton, CO 80160</subfield></datafield><datafield ind1=" " ind2=" " tag="042"><subfield code="a">msc</subfield><subfield code="a">nsdp</subfield></datafield><datafield ind1="0" ind2=" " tag="130"><subfield code="a">Englewood herald (Littleton, Colo. : 1991)</subfield></datafield><datafield ind1=" " ind2="4" tag="222"><subfield code="a">The Englewood herald</subfield><subfield code="b">(1991)</subfield></datafield><datafield ind1="0" ind2="4" tag="245"><subfield code="a">The Englewood herald.</subfield></datafield><datafield ind1=" " ind2=" " tag="260"><subfield code="a">Littleton, Colo. :</subfield><subfield code="b">Macari-Healey Pub. Co.</subfield></datafield><datafield ind1=" " ind2=" " tag="300"><subfield code="a">v.</subfield></datafield><datafield ind1=" " ind2=" " tag="310"><subfield code="a">Weekly</subfield></datafield><datafield ind1="0" ind2=" " tag="362"><subfield code="a">Issue 48 (Aug. 8, 1991)-</subfield></datafield><datafield ind1=" " ind2=" " tag="530"><subfield code="a">Available on microfilm from the Colorado Historical Society.</subfield></datafield><datafield ind1=" " ind2="4" tag="651"><subfield code="a">Englewood (Colo.)</subfield><subfield code="v">Newspapers.</subfield></datafield><datafield ind1=" " ind2=" " tag="752"><subfield code="a">United States</subfield><subfield code="b">Colorado</subfield><subfield code="c">Arapahoe</subfield><subfield code="d">Littleton.</subfield></datafield><datafield ind1=" " ind2=" " tag="752"><subfield code="a">United States</subfield><subfield code="b">Colorado</subfield><subfield code="c">Arapahoe</subfield><subfield code="d">Englewood.</subfield></datafield><datafield ind1="0" ind2="0" tag="780"><subfield code="t">Englewood sentinel</subfield><subfield code="x">0745-9610</subfield><subfield code="w">(DLC)sn 83009151</subfield></datafield><datafield ind1=" " ind2=" " tag="936"><subfield code="a">Issue 49 (Aug. 29, 1991) LIC</subfield></datafield></record>